<record><leader>00000cas a2200000 a 4500</leader><controlfield tag="001">37754162</controlfield><controlfield tag="008">971008d192619uuoruwr ne      0    0eng c</controlfield><datafield ind1=" " ind2=" " tag="010"><subfield code="a">sn 96088166 </subfield></datafield><datafield ind1=" " ind2=" " tag="040"><subfield code="a">OCN</subfield><subfield code="b">eng</subfield><subfield code="c">OCN</subfield><subfield code="d">OCLCQ</subfield><subfield code="d">OCLCF</subfield><subfield code="d">OCLCO</subfield></datafield><datafield ind1="1" ind2=" " tag="029"><subfield code="a">AU@</subfield><subfield code="b">000013537672</subfield></datafield><datafield ind1=" " ind2=" " tag="042"><subfield code="a">pcc</subfield></datafield><datafield ind1=" " ind2=" " tag="043"><subfield code="a">n-us-or</subfield></datafield><datafield ind1="0" ind2="4" tag="245"><subfield code="a">The Gervais star.</subfield></datafield><datafield ind1="1" ind2="3" tag="246"><subfield code="a">Gervais weekly star</subfield></datafield><datafield ind1=" " ind2=" " tag="260"><subfield code="a">Gervais, Marion County, Or. :</subfield><subfield code="b">P.P. Hassler,</subfield><subfield code="c">1926-</subfield></datafield><datafield ind1=" " ind2=" " tag="300"><subfield code="a">v.</subfield></datafield><datafield ind1=" " ind2=" " tag="310"><subfield code="a">Weekly</subfield></datafield><datafield ind1="0" ind2=" " tag="362"><subfield code="a">Vol. 35, no. 51 (June 4, 1926)-</subfield></datafield><datafield ind1=" " ind2=" " tag="530"><subfield code="a">Also issued on microfilm from University of Oregon.</subfield></datafield><datafield ind1=" " ind2=" " tag="588"><subfield code="a">Latest issue consulted: Vol. 57, no. 31 (Jan. 16, 1948).</subfield></datafield><datafield ind1=" " ind2="0" tag="651"><subfield code="a">Gervais (Or.)</subfield><subfield code="v">Newspapers.</subfield></datafield><datafield ind1=" " ind2="7" tag="655"><subfield code="a">Newspapers.</subfield><subfield code="2">fast</subfield><subfield code="0">(OCoLC)fst01423814</subfield></datafield><datafield ind1=" " ind2="7" tag="651"><subfield code="a">Oregon</subfield><subfield code="z">Gervais.</subfield><subfield code="2">fast</subfield><subfield code="0">(OCoLC)fst01281975</subfield></datafield><datafield ind1=" " ind2=" " tag="752"><subfield code="a">United States</subfield><subfield code="b">Oregon</subfield><subfield code="c">Marion</subfield><subfield code="d">Gervais.</subfield></datafield><datafield ind1="0" ind2="0" tag="780"><subfield code="t">Gervais weekly star</subfield><subfield code="w">(DLC)sn 96088165</subfield></datafield></record>